<record xmlns="http://www.openarchives.org/OAI/2.0/" xmlns:xsi="http://www.w3.org/2001/XMLSchema-instance">
  <header>
    <identifier>oai:www.openaccessrepository.it:7168</identifier>
    <datestamp>2016-06-29T14:35:13Z</datestamp>
    <setSpec>dataset:aleph</setSpec>
    <setSpec>openaire</setSpec>
  </header>
  <metadata>irods://data.repo.cineca.it:1247/CINECA01/home/DRES_EUDalep/dati/ZD4000.82.AL,11100/f5c17c94-cbe5-11e3-a011-e41f13eb41b2eng<marc:record xmlns:marc="http://www.loc.gov/MARC21/slim" xmlns:xsi="http://www.w3.org/2001/XMLSchema-instance" xsi:schemaLocation="http://www.loc.gov/MARC21/slim http://www.loc.gov/standards/marcxml/schema/MARC21slim.xsd" type="Bibliographic"><marc:leader>00000coc  2200000uu 4500</marc:leader><marc:controlfield tag="001">7168</marc:controlfield><marc:controlfield tag="005">20160629143513.0</marc:controlfield><marc:datafield tag="024" ind1="7" ind2=" "><marc:subfield code="2">Handle</marc:subfield><marc:subfield code="a">irods://data.repo.cineca.it:1247/CINECA01/home/DRES_EUDalep/dati/ZD4000.82.AL,11100/f5c17c94-cbe5-11e3-a011-e41f13eb41b2</marc:subfield></marc:datafield><marc:datafield tag="695" ind1=" " ind2=" "><marc:subfield code="2">HEP CERN LEP ALEPH MINI RealData 2000</marc:subfield></marc:datafield><marc:datafield tag="980" ind1=" " ind2=" "><marc:subfield code="a">DATASETREALDATA</marc:subfield></marc:datafield><marc:datafield tag="999" ind1=" " ind2=" "><marc:subfield code="9">Marcello Maggi</marc:subfield><marc:subfield code="c">3727683843</marc:subfield><marc:subfield code="s">305020800</marc:subfield></marc:datafield><marc:datafield tag="999" ind1="C" ind2="5"><marc:subfield code="t">Search for neutral Higgs bosons decaying into four taus at LEP2</marc:subfield><marc:subfield code="a">10.1007/JHEP05(2010)049</marc:subfield><marc:subfield code="y">2010</marc:subfield><marc:subfield code="o">[1]</marc:subfield><marc:subfield code="r">PUBLICATIONINFN-2014-001</marc:subfield><marc:subfield code="o">[1]</marc:subfield></marc:datafield><marc:datafield tag="999" ind1="C" ind2="5"><marc:subfield code="a">10.5072/oar.it/1411041136.04 </marc:subfield><marc:subfield code="t">ALEPH SCL5 Virtual Machine for Research Environment</marc:subfield><marc:subfield code="r">SOFTWAREALEPH-2014-001</marc:subfield><marc:subfield code="o">[2]</marc:subfield></marc:datafield><marc:datafield tag="710" ind1=" " ind2=" "><marc:subfield code="g">ALEPH Collaboration</marc:subfield></marc:datafield><marc:datafield tag="856" ind1="4" ind2=" "><marc:subfield code="u">irods://data.repo.cineca.it:1247/CINECA01/home/DRES_EUDalep/dati/ZD4000.82.AL</marc:subfield><marc:subfield code="y">ALEPH</marc:subfield></marc:datafield><marc:datafield tag="909" ind1="C" ind2="O"><marc:subfield code="o">oai:www.openaccessrepository.it:7168</marc:subfield><marc:subfield code="p">openaire</marc:subfield><marc:subfield code="p">dataset:aleph</marc:subfield></marc:datafield><marc:datafield tag="245" ind1=" " ind2=" "><marc:subfield code="9">ALEPH</marc:subfield><marc:subfield code="a">LEP Data from The ALEPH Collaboration year 2000 datafile ZD4000.82.AL</marc:subfield></marc:datafield><marc:datafield tag="260" ind1=" " ind2=" "><marc:subfield code="c">2014-09-01</marc:subfield></marc:datafield><marc:datafield tag="520" ind1=" " ind2=" "><marc:subfield code="9">ALEPH</marc:subfield><marc:subfield code="a">Run contents for this data file &lt;table border="1"&gt; &lt;tr&gt; &lt;th&gt;Run #&lt;/th&gt;&lt;th&gt;Nevents&lt;/th&gt;&lt;th&gt;Length (Mb)&lt;/th&gt;&lt;th&gt;LEP energy&lt;/th&gt;&lt;th&gt;Nb of Z0s&lt;/th&gt;&lt;/tr&gt; &lt;tr&gt; &lt;td&gt;54919&lt;/td&gt;&lt;td&gt;20396&lt;/td&gt;&lt;td&gt;47.213&lt;/td&gt;&lt;td&gt;206.579&lt;/td&gt;&lt;td&gt;20&lt;/td&gt;&lt;/tr&gt; &lt;tr&gt; &lt;td&gt;54920&lt;/td&gt;&lt;td&gt;571&lt;/td&gt;&lt;td&gt;1.460&lt;/td&gt;&lt;td&gt;206.591&lt;/td&gt;&lt;td&gt;1&lt;/td&gt;&lt;/tr&gt; &lt;tr&gt; &lt;td&gt;54922&lt;/td&gt;&lt;td&gt;12176&lt;/td&gt;&lt;td&gt;30.622&lt;/td&gt;&lt;td&gt;205.123&lt;/td&gt;&lt;td&gt;15&lt;/td&gt;&lt;/tr&gt; &lt;tr&gt; &lt;td&gt;54923&lt;/td&gt;&lt;td&gt;18764&lt;/td&gt;&lt;td&gt;44.922&lt;/td&gt;&lt;td&gt;206.531&lt;/td&gt;&lt;td&gt;21&lt;/td&gt;&lt;/tr&gt; &lt;tr&gt; &lt;td&gt;54928&lt;/td&gt;&lt;td&gt;11604&lt;/td&gt;&lt;td&gt;26.286&lt;/td&gt;&lt;td&gt;206.580&lt;/td&gt;&lt;td&gt;13&lt;/td&gt;&lt;/tr&gt; &lt;tr&gt; &lt;td&gt;54929&lt;/td&gt;&lt;td&gt;4279&lt;/td&gt;&lt;td&gt;8.291&lt;/td&gt;&lt;td&gt;207.986&lt;/td&gt;&lt;td&gt;3&lt;/td&gt;&lt;/tr&gt; &lt;tr&gt; &lt;td&gt;54931&lt;/td&gt;&lt;td&gt;7960&lt;/td&gt;&lt;td&gt;20.254&lt;/td&gt;&lt;td&gt;205.119&lt;/td&gt;&lt;td&gt;11&lt;/td&gt;&lt;/tr&gt; &lt;tr&gt; &lt;td&gt;54932&lt;/td&gt;&lt;td&gt;296&lt;/td&gt;&lt;td&gt;0.677&lt;/td&gt;&lt;td&gt;205.191&lt;/td&gt;&lt;td&gt;-1&lt;/td&gt;&lt;/tr&gt; &lt;tr&gt; &lt;td&gt;54933&lt;/td&gt;&lt;td&gt;300&lt;/td&gt;&lt;td&gt;0.784&lt;/td&gt;&lt;td&gt;205.191&lt;/td&gt;&lt;td&gt;-1&lt;/td&gt;&lt;/tr&gt; &lt;tr&gt; &lt;td&gt;54934&lt;/td&gt;&lt;td&gt;1012&lt;/td&gt;&lt;td&gt;2.232&lt;/td&gt;&lt;td&gt;205.191&lt;/td&gt;&lt;td&gt;1&lt;/td&gt;&lt;/tr&gt; &lt;tr&gt; &lt;td&gt;54935&lt;/td&gt;&lt;td&gt;1322&lt;/td&gt;&lt;td&gt;3.160&lt;/td&gt;&lt;td&gt;205.191&lt;/td&gt;&lt;td&gt;3&lt;/td&gt;&lt;/tr&gt; &lt;tr&gt; &lt;td&gt;54936&lt;/td&gt;&lt;td&gt;1562&lt;/td&gt;&lt;td&gt;3.600&lt;/td&gt;&lt;td&gt;205.219&lt;/td&gt;&lt;td&gt;4&lt;/td&gt;&lt;/tr&gt; &lt;tr&gt; &lt;td&gt;54937&lt;/td&gt;&lt;td&gt;4913&lt;/td&gt;&lt;td&gt;11.800&lt;/td&gt;&lt;td&gt;206.548&lt;/td&gt;&lt;td&gt;4&lt;/td&gt;&lt;/tr&gt; &lt;tr&gt; &lt;td&gt;54939&lt;/td&gt;&lt;td&gt;6500&lt;/td&gt;&lt;td&gt;15.923&lt;/td&gt;&lt;td&gt;205.122&lt;/td&gt;&lt;td&gt;2&lt;/td&gt;&lt;/tr&gt; &lt;tr&gt; &lt;td&gt;54940&lt;/td&gt;&lt;td&gt;6166&lt;/td&gt;&lt;td&gt;15.004&lt;/td&gt;&lt;td&gt;206.639&lt;/td&gt;&lt;td&gt;2&lt;/td&gt;&lt;/tr&gt; &lt;tr&gt; &lt;td&gt;54943&lt;/td&gt;&lt;td&gt;9260&lt;/td&gt;&lt;td&gt;23.892&lt;/td&gt;&lt;td&gt;205.121&lt;/td&gt;&lt;td&gt;10&lt;/td&gt;&lt;/tr&gt; &lt;tr&gt; &lt;td&gt;54944&lt;/td&gt;&lt;td&gt;742&lt;/td&gt;&lt;td&gt;1.672&lt;/td&gt;&lt;td&gt;206.633&lt;/td&gt;&lt;td&gt;-1&lt;/td&gt;&lt;/tr&gt; &lt;tr&gt; &lt;td&gt;54946&lt;/td&gt;&lt;td&gt;3097&lt;/td&gt;&lt;td&gt;7.455&lt;/td&gt;&lt;td&gt;205.114&lt;/td&gt;&lt;td&gt;2&lt;/td&gt;&lt;/tr&gt; &lt;tr&gt; &lt;td&gt;54953&lt;/td&gt;&lt;td&gt;8582&lt;/td&gt;&lt;td&gt;21.256&lt;/td&gt;&lt;td&gt;205.059&lt;/td&gt;&lt;td&gt;7&lt;/td&gt;&lt;/tr&gt; &lt;tr&gt; &lt;td&gt;54955&lt;/td&gt;&lt;td&gt;7120&lt;/td&gt;&lt;td&gt;16.789&lt;/td&gt;&lt;td&gt;205.140&lt;/td&gt;&lt;td&gt;6&lt;/td&gt;&lt;/tr&gt; &lt;tr&gt;&lt;/table&gt; Total file length :   305.594 Mbytes</marc:subfield></marc:datafield><marc:datafield tag="500" ind1=" " ind2=" "><marc:subfield code="f">ALEPH - INFN</marc:subfield></marc:datafield><marc:datafield tag="650" ind1="1" ind2="7"><marc:subfield code="a">High Energy Physics</marc:subfield></marc:datafield><marc:datafield tag="269" ind1=" " ind2=" "><marc:subfield code="c">2000</marc:subfield></marc:datafield><marc:datafield tag="041" ind1=" " ind2=" "><marc:subfield code="a">eng</marc:subfield></marc:datafield><marc:datafield tag="042" ind1=" " ind2=" "><marc:subfield code="a">Researchers</marc:subfield></marc:datafield><marc:datafield tag="043" ind1=" " ind2=" "><marc:subfield code="a">info:eu-repo/semantics/other</marc:subfield></marc:datafield><marc:datafield tag="100" ind1=" " ind2=" "><marc:subfield code="a">Marcello Maggi</marc:subfield></marc:datafield></marc:record>
</metadata>
</record>
